% 
% Bib files are VERY PICKY about syntax, more so than python
% Don't mix your Ps and Qs or commas and brackets.
% 
% Check your line endings end in a comma,
%
% Always separate AUTHORs by "and"
% AUTHOR1 and AUTHOR2 and AUTHOR3 and AUTHOR4 and ..... and AUTHORX
% where AUTHORX is   Lastname, Firstname   or   Firstname Lastname
% Put ALL the authors, not et al. 
%
% When you get arbitrary downloads ALWAYS check the copyright, and ask or inform
% the institution/author if this is required. Citing is not enough, some
% material may not be used. 
%
% For web published items, because they can change, put YEAR = "Accessed in April 2012",
% and if the item has a publish date, put that in the HOWPUBLISHED field after
% the institutions's name, (then publish date, then \url{}).
% Always find the original URL, not some Google Docs upload where you saved it
%
% Never put %comments in the middle of a bibtex file; they cause problems
% too often.
%
% Remove the .bbl, .blg, .aux, ,.out files if your bibtex gets stuck 
% on errors (some non-ascii characters can cause this) and rerun in
% a terminal if texmaker does not tell you what the problem is.
%

@book{ibragimov2009selected,
  title={Selected works. Volume 1-4},
  author={Ibragimov, Nail H},
  year={2006-2009},
  publisher={ALGA publications, Blekinge Institute of Technology}
}



@book{wazwaz2010partial,
  title={Partial differential equations and solitary waves theory},
  author={Wazwaz, Abdul-Majid},
  year={2010},
  publisher={Springer Science \& Business Media}
}

@article{noether1918konig,
  title={ Invariant variations problem. {N}achr. {K}onig. {G}issel.   {W}issen, {G}ottingen},
  author={Noether, E},
  journal={Math. Phys. Kl},
  pages={235--257},
  year={1918}
}


@book{lie1891vorlesungen,
  title={Vorlesungen {\"u}ber Differentialgleichungen mit bekannten infinitesimalen Transformationen},
  author={Lie, Sophus},
  year={1891},
  publisher={BG Teubner}
}

@book{ibragimov1995crc,
  title={CRC handbook of Lie group analysis of differential equations},
  author={Ibragimov, Nail H},
  volume={1-3},
  year={1994},
  publisher={CRC press}
}

@book{ibragimov,
  title={Elementary Lie group analysis and ordinary differential equations},
  author={Ibragimov, N.},
  volume={},
  year={1999},
  publisher={Wiley}
}

@book{hydon2000symmetry,
  title={Symmetry methods for differential equations: a beginner's guide},
  author={Hydon P.E},
  volume={22},
  year={2000},
  publisher={Cambridge University Press}
}

@article{khalique2020coupled,
  title={Coupled {B}urgers equations governing polydispersive sedimentation; a Lie symmetry approach},
  author={Khalique, Chaudry Masood and Abdallah, Saumu Athman},
  journal={Results in Physics},
  volume={16},
  year={2020},
  publisher={Elsevier}
}


@book{olver2000applications,
  title={Applications of Lie groups to differential equations},
  author={Olver, Peter J},
  volume={107},
  year={1993},
  publisher={Springer Science \& Business Media}
}


@book{ibragimov2009practical,
  title={A Practical Course in Differential Equations and Mathematical Modelling: Classical and New Methods. Nonlinear Mathematical Models. Symmetry and Invariance Principles},
  author={Ibragimov, Nail H},
  year={2009},
  publisher={World Scientific Publishing Company}
}

@book{bluman2008symmetry,
  title={Symmetry and integration methods for differential equations},
  author={Bluman, George and Anco, Stephen},
  volume={154},
  year={2008},
  publisher={Springer Science \& Business Media}
}

@book{bluman2013symmetries,
  title={Symmetries and differential equations},
  author={Bluman, George W and Kumei, Sukeyuki},
  volume={81},
  year={1989},
  publisher={Springer Science \& Business Media}
}


@book{bluman2010applications,
  title={Applications of symmetry methods to partial differential equations},
  author={Bluman, George W and Cheviakov, Alexei F and Anco, Stephen C},
  volume={168},
  year={2010},
  publisher={Springer}
}

@article{ibragimov2007new,
  title={A new conservation theorem},
  author={Ibragimov, Nail H},
  journal={Journal of Mathematical Analysis and Applications},
  volume={333},
  number={1},
  pages={311--328},
  year={2007},
  publisher={Elsevier}
}

@book{ovsyannikov2013lectures,
  title={Lectures on the theory of group properties of differential equations},
  author={Ovsyannikov, LV},
  year={2013},
  publisher={World Scientific Publishing Company}
}

@book{arrigo2015symmetry,
  title={Symmetry analysis of differential equations: an introduction},
  author={Arrigo, Daniel J},
  year={2015},
  publisher={John Wiley \& Sons}
}

@article{mhlanga2017travelling,
  title={Travelling Wave Solutions and Conservation Laws of the {K}orteweg-de {V}ries-{B}urgers {E}quation with {P}ower {L}aw {N}onlinearity},
  author={Mhlanga, IE and Khalique, CM},
  journal={Malaysian Journal  of Mathematical Sciences},
  volume={11},
  pages={1--8},
  year={2017},
  publisher={UNIV PUTRA MALAYSIA PRESS SERDANG, SELANGOR, 00000, MALAYSIA}
}

@book{leveque1992numerical,
  title={Numerical methods for conservation laws},
  author={LeVeque, Randall J},
  volume={3},
  year={1992},
  publisher={Springer}
}
  title={Numerical approximation of hyperbolic systems of conservation laws},
  author={Godlewski, Edwige and Raviart, Pierre-Arnaud},
  volume={118},
  year={2013},
  publisher={Springer Science \& Business Media}
}
